@online{sentinel2_docs,
  title = {Sentinel-2 L2A Data Documentation},
  author = {{Sentinel Hub}},
  url = {https://docs.sentinel-hub.com/api/latest/data/sentinel-2-l2a/},
  urldate = {2024-06-11}
}

@online{ndvi_docs,
  title = {Normalized Difference Vegetation Index (NDVI)},
  author = {{Sentinel Hub}},
  url = {https://custom-scripts.sentinel-hub.com/custom-scripts/sentinel-2/ndvi/},
  urldate = {2024-06-11}
}

@online{ndmi_docs,
  title = {Normalized Difference Moisture Index (NDMI)},
  author = {{Sentinel Hub}},
  url = {https://custom-scripts.sentinel-hub.com/custom-scripts/sentinel-2/ndmi/},
  urldate = {2024-06-11}
}

@online{sentinel2_band_B4,
  title = {Sentinel-2 Band Documentation B4},
  author = {{Sentinel Hub}},
  url = {https://custom-scripts.sentinel-hub.com/custom-scripts/sentinel-2/bands/#band-4},
  urldate = {2024-06-11},
}

@online{sentinel2_band_B8,
  title = {Sentinel-2 Band Documentation B8},
  author = {{Sentinel Hub}},
  url = {https://custom-scripts.sentinel-hub.com/custom-scripts/sentinel-2/bands/#band-8},
  urldate = {2024-06-11},
}

@online{sentinel2_band_B11,
  title = {Sentinel-2 Band Documentation B11},
  author = {{Sentinel Hub}},
  url = {https://custom-scripts.sentinel-hub.com/custom-scripts/sentinel-2/bands/#band-11},
  urldate = {2024-06-11},
}

@online{area_based_resampling,
  title = {Area-based resampling},
  author = {{Rasterio}},
  url = {https://rasterio.readthedocs.io/en/stable/topics/resampling.html},
  urldate = {2024-06-11},
}

@online{sentinel2_api_docs,
  title = {Sentinel-2 API Documentation},
  author = {{Sentinel Hub}},
  url = {https://docs.sentinel-hub.com/api/latest/data/sentinel-2-l2a/},
  urldate = {2024-06-11},
}

@online{sentinel2_api_docs_auth,
  title = {Sentinel-2 API Documentation Authentication},
  author = {{Sentinel Hub}},
  url = {https://docs.sentinel-hub.com/api/latest/api/overview/authentication/},
  urldate = {2024-06-11},
}

@online{sentinel2_api_auth_rate_limiting,
  title = {Sentinel-2 API Documentation Rate Limiting},
  author = {{Sentinel Hub}},
  url = {https://docs.sentinel-hub.com/api/latest/api/overview/rate-limiting/},
  urldate = {2024-06-11},
}

@online{sentinelhub_python_docs,
  title = {SentinelHub Python SDK Documentation},
  author = {{Sentinel Hub}},
  url = {https://pypi.org/project/sentinelhub/3.0.1/},
  urldate = {2024-06-11},
}

@online{taichi_lang_docs,
  title = {Taichi Lang Documentation},
  author = {{Taichi Lang}},
  url = {https://www.taichi-lang.org/},
  urldate = {2024-06-11},
}

