@online{esa_sentinel2,
    title = {Sentinel-2 User Handbook},
    author = {{European Space Agency}},
    year = {2023},
    url = {https://sentinel.esa.int/web/sentinel/user-guides/sentinel-2-msi},
    urldate = {2024-03-19}
}

@online{copernicus_hub,
    title = {Copernicus Open Access Hub},
    author = {{European Space Agency}},
    year = {2024},
    url = {https://scihub.copernicus.eu/},
    urldate = {2024-03-19}
}

@online{usgs_ndvi,
    title = {Landsat Normalized Difference Vegetation Index},
    author = {{United States Geological Survey}},
    year = {2024},
    url = {https://www.usgs.gov/landsat-missions/landsat-normalized-difference-vegetation-index},
    urldate = {2024-03-19}
}

@online{nasa_ndvi,
    title = {Measuring Vegetation (Part 2)},
    author = {{NASA Earth Observatory}},
    year = {2024},
    url = {https://earthobservatory.nasa.gov/features/MeasuringVegetation/measuring_vegetation_2.php},
    urldate = {2024-03-19}
}

@online{gdal_docs,
    title = {GDAL Documentation},
    author = {{GDAL/OGR contributors}},
    year = {2024},
    url = {https://gdal.org/},
    urldate = {2024-03-19}
}

@online{python_mp,
    title = {Python multiprocessing documentation},
    author = {{Python Software Foundation}},
    year = {2024},
    url = {https://docs.python.org/3/library/multiprocessing.html},
    urldate = {2024-03-19}
}

@online{rasterio_docs,
    title = {Rasterio Documentation},
    author = {{Mapbox}},
    year = {2024},
    url = {https://rasterio.readthedocs.io/en/latest/},
    urldate = {2024-03-19}
}

@online{pyqt6_docs,
    title = {PyQt6 Documentation},
    author = {{Riverbank Computing Limited}},
    year = {2024},
    url = {https://www.riverbankcomputing.com/static/Docs/PyQt6/},
    urldate = {2024-03-19}
}

@online{matplotlib_docs,
    title = {Matplotlib Documentation},
    author = {{Matplotlib Development Team}},
    year = {2024},
    url = {https://matplotlib.org/stable/contents.html},
    urldate = {2024-03-19}
}

@online{sentinel_hub,
    title = {Sentinel Hub Documentation},
    author = {{Sinergise}},
    year = {2024},
    url = {https://docs.sentinel-hub.com/},
    urldate = {2024-03-19}
}

@online{qgis_docs,
    title = {QGIS Documentation},
    author = {{QGIS Project}},
    year = {2024},
    url = {https://docs.qgis.org/3.28/en/docs/},
    urldate = {2024-03-19}
}

@online{usgs_eros,
    title = {Earth Resources Observation and Science Center},
    author = {{United States Geological Survey}},
    year = {2024},
    url = {https://www.usgs.gov/centers/eros},
    urldate = {2024-03-19}
}

@online{agricolus_ndvi_img,
    title = {NDVI: Healthy vs Stressed Vegetation},
    author = {{Agricolus}},
    year = {2018},
    url = {https://www.agricolus.com/wp-content/uploads/2018/05/NDVI_healthy_stressed.png},
    note = {DostÄ™p: maj 2024}
} 